<record><leader>00000cas a2200000 a 4500</leader><controlfield tag="001">8804832</controlfield><controlfield tag="008">820924d18511853caudr ne      0    0eng  </controlfield><datafield ind1=" " ind2=" " tag="010"><subfield code="a">sn 82014825 </subfield></datafield><datafield ind1=" " ind2=" " tag="040"><subfield code="a">DLC</subfield><subfield code="b">eng</subfield><subfield code="c">DLC</subfield><subfield code="d">NPX</subfield><subfield code="d">NNX</subfield><subfield code="d">DLC</subfield><subfield code="d">NJW</subfield><subfield code="d">OCL</subfield><subfield code="d">CNK</subfield><subfield code="d">HUL</subfield><subfield code="d">CNK</subfield><subfield code="d">CRL</subfield><subfield code="d">OCL</subfield><subfield code="d">NVF</subfield><subfield code="d">OCLCO</subfield><subfield code="d">OCLCQ</subfield><subfield code="d">OCLCF</subfield><subfield code="d">CNK</subfield><subfield code="d">IUL</subfield></datafield><datafield ind1=" " ind2=" " tag="042"><subfield code="a">pcc</subfield></datafield><datafield ind1=" " ind2=" " tag="043"><subfield code="a">n-us-ca</subfield></datafield><datafield ind1="0" ind2="0" tag="050"><subfield code="a">Newspaper 7114-X</subfield></datafield><datafield ind1="0" ind2=" " tag="130"><subfield code="a">Daily union (Sacramento, Calif.)</subfield></datafield><datafield ind1="1" ind2="4" tag="245"><subfield code="a">The daily union.</subfield></datafield><datafield ind1=" " ind2=" " tag="260"><subfield code="a">Sacramento City [Calif.] :</subfield><subfield code="b">C.L. Hansicker &amp; Co.,</subfield><subfield code="c">1851-1853.</subfield></datafield><datafield ind1=" " ind2=" " tag="300"><subfield code="a">5 volumes</subfield></datafield><datafield ind1=" " ind2=" " tag="310"><subfield code="a">Daily</subfield></datafield><datafield ind1="0" ind2=" " tag="362"><subfield code="a">Vol. 1, no. 1 (Mar. 19, 1851)-vol. V, no. 642 (April. 14, 1853).</subfield></datafield><datafield ind1=" " ind2=" " tag="500"><subfield code="a">Editor: Jno. F. Morse, &lt;1851&gt;.</subfield></datafield><datafield ind1=" " ind2=" " tag="530"><subfield code="a">Also issued on microfilm from Bell &amp; Howell, Micro Photo Div., Bay Microfilm, and University of California.</subfield></datafield><datafield ind1=" " ind2=" " tag="580"><subfield code="a">Weekly ed.: Sacramento weekly union, 1852-1853.</subfield></datafield><datafield ind1=" " ind2=" " tag="580"><subfield code="a">Triweekly ed.: Pictorial union, &lt;1852&gt;-1853.</subfield></datafield><datafield ind1=" " ind2=" " tag="580"><subfield code="a">Steamer eds.: Sacramento union (Sacramento, Calif. : 1851), 1851-&lt;1852&gt;, and: Sacramento steamer union (Sacramento, Calif.), &lt;1853&gt;.</subfield></datafield><datafield ind1=" " ind2=" " tag="530"><subfield code="a">Master negatives are available for duplication from:</subfield><subfield code="b">California Newspaper Microfilm Archive;</subfield><subfield code="c">for further information consult the CNMA at:</subfield><subfield code="u">http://cbsr.ucr.edu.</subfield></datafield><datafield ind1=" " ind2="0" tag="651"><subfield code="a">Sacramento (Calif.)</subfield><subfield code="v">Newspapers.</subfield></datafield><datafield ind1=" " ind2="0" tag="651"><subfield code="a">Sacramento County (Calif.)</subfield><subfield code="v">Newspapers.</subfield></datafield><datafield ind1=" " ind2="7" tag="651"><subfield code="a">California</subfield><subfield code="z">Sacramento.</subfield><subfield code="2">fast</subfield><subfield code="0">(OCoLC)fst01205542</subfield></datafield><datafield ind1=" " ind2="7" tag="651"><subfield code="a">California</subfield><subfield code="z">Sacramento County.</subfield><subfield code="2">fast</subfield><subfield code="0">(OCoLC)fst01214200</subfield></datafield><datafield ind1=" " ind2="7" tag="655"><subfield code="a">Newspapers.</subfield><subfield code="2">fast</subfield><subfield code="0">(OCoLC)fst01423814</subfield></datafield><datafield ind1=" " ind2=" " tag="752"><subfield code="a">United States</subfield><subfield code="b">California</subfield><subfield code="c">Sacramento</subfield><subfield code="d">Sacramento.</subfield></datafield><datafield ind1="1" ind2=" " tag="775"><subfield code="t">Sacramento weekly union</subfield><subfield code="w">(DLC)sn 82006530</subfield><subfield code="w">(OCoLC)8769963</subfield></datafield><datafield ind1="1" ind2=" " tag="775"><subfield code="t">Pictorial union</subfield><subfield code="w">(DLC)sn 82014553</subfield><subfield code="w">(OCoLC)8791533</subfield></datafield><datafield ind1="1" ind2=" " tag="775"><subfield code="t">Sacramento union (Sacramento, Calif. : 1851)</subfield><subfield code="w">(DLC)sn 82014828</subfield><subfield code="w">(OCoLC)8804957</subfield></datafield><datafield ind1="1" ind2=" " tag="775"><subfield code="t">Sacramento steamer union (Sacramento, Calif.)</subfield><subfield code="w">(DLC)sn 82014829</subfield><subfield code="w">(OCoLC)8804927</subfield></datafield><datafield ind1="0" ind2="0" tag="785"><subfield code="t">Sacramento daily union</subfield><subfield code="w">(DLC)sn 82014928</subfield><subfield code="w">(OCoLC)8801084</subfield></datafield><datafield ind1="4" ind2="1" tag="856"><subfield code="u">http://proxyiub.uits.iu.edu/login?url=http://infoweb.newsbank.com/?db=EANX&amp;s_browseRef=decades/14EF091C0A06107E/all.xml</subfield></datafield><datafield ind1="4" ind2="1" tag="856"><subfield code="u">http://cdnc.ucr.edu/cdnc/cgi-bin/cdnc?a=cl&amp;cl=CL1.SDU&amp;e=</subfield></datafield><datafield ind1="1" ind2=" " tag="029"><subfield code="a">AU@</subfield><subfield code="b">000020225178</subfield></datafield></record>